@online{cpa-segtree,
  author    = "CP Algorithms",
  title     = "Segment Tree",
  url       = "https://cp-algorithms.com/data_structures/segment_tree.html",
}

@online{csa-segtree,
  author    = "CS Academy",
  title     = "Segment Trees",
  url       = "https://csacademy.com/lesson/segment_trees",
}
